<collection xmlns="http://www.loc.gov/MARC21/slim">
<record>
  <leader>01066nam0a22002171i 450 </leader>
  <controlfield tag="001">IT\ICCU\CNCE\072748</controlfield>
  <controlfield tag="005">20121107000000.0</controlfield>
  <datafield tag="100" ind1=" " ind2=" ">
    <subfield code="a">20080414d1552        0itac0103    ba</subfield>
  </datafield>
  <datafield tag="101" ind1=" " ind2=" ">
    <subfield code="a">GRE</subfield>
  </datafield>
  <datafield tag="102" ind1=" " ind2=" ">
    <subfield code="a">IT</subfield>
  </datafield>
  <datafield tag="200" ind1="1" ind2=" ">
    <subfield code="a">Pentekostarion. To paron biblion etypothe. Enetiesi meta polles epimeleias kai diorthoseos. Kai periekei pleista troparia, idiomela kanonas te kai synaxaria a syllechthenta ...</subfield>
  </datafield>
  <datafield tag="210" ind1=" " ind2=" ">
    <subfield code="d">1552</subfield>
    <subfield code="e">\Venezia!</subfield>
    <subfield code="g">En oikia Andreou kai Iakobou ton Spinellon</subfield>
    <subfield code="h">1552. Meni Augousto a</subfield>
  </datafield>
  <datafield tag="215" ind1=" " ind2=" ">
    <subfield code="a">\144! c.</subfield>
    <subfield code="d">fol</subfield>
  </datafield>
  <datafield tag="500" ind1="1" ind2="0">
    <subfield code="3">IT\ICCU\CNCE\075048</subfield>
    <subfield code="a">Pentecostarium &lt;Rito greco&gt;</subfield>
  </datafield>
  <datafield tag="620" ind1=" " ind2=" ">
    <subfield code="a">IT</subfield>
    <subfield code="d">Venezia</subfield>
  </datafield>
  <datafield tag="710" ind1="0" ind2="2">
    <subfield code="a">Chiesa cattolica</subfield>
    <subfield code="3">6731</subfield>
  </datafield>
  <datafield tag="712" ind1="0" ind2="0">
    <subfield code="a">Spinelli, Andrea &amp; Spinelli, Giacomo</subfield>
    <subfield code="3">IT\ICCU\CNCT\000190</subfield>
    <subfield code="4">650</subfield>
  </datafield>
  <datafield tag="791" ind1="0" ind2="0">
    <subfield code="a">Spinelli, Giacomo</subfield>
    <subfield code="3">IT\ICCU\CNCT\000191</subfield>
    <subfield code="z">Spinelli, Andrea &amp; Spinelli, Giacomo</subfield>
  </datafield>
  <datafield tag="801" ind1=" " ind2="3">
    <subfield code="a">IT</subfield>
    <subfield code="b">ICCU</subfield>
    <subfield code="c">20201115</subfield>
  </datafield>
  <datafield tag="899" ind1=" " ind2=" ">
    <subfield code="a">Biblioteca dell&apos;Istituto ellenico di studi bizantini e post-bizantini. Venezia</subfield>
    <subfield code="1">VE0154</subfield>
    <subfield code="2">ZVE 15</subfield>
  </datafield>
  <datafield tag="921" ind1=" " ind2=" ">
    <subfield code="a">IT\ICCU\CNCM\001030</subfield>
    <subfield code="b">Iniziali intrecciate.</subfield>
    <subfield code="c">U104</subfield>
    <subfield code="d">Dimensioni: 6,3 x 6,3</subfield>
    <subfield code="f">FASI</subfield>
    <subfield code="f">INIZIALI</subfield>
    <subfield code="g">1551-1552</subfield>
  </datafield>
</record>
</collection>
